@article{pelliccioni2000overview,
  title={Overview of fluence-to-effective dose and fluence-to-ambient dose equivalent conversion coefficients for high energy radiation calculated using the FLUKA code},
  author={Pelliccioni, M},
  journal={Radiation Protection Dosimetry},
  volume={88},
  number={4},
  pages={279--297},
  year={2000},
  publisher={Oxford University Press}
}

@article{battistoni2015overview,
  title={Overview of the FLUKA code},
  author={Battistoni, Giuseppe and Boehlen, Till and Cerutti, Francesco and Chin, Pik Wai and Esposito, Luigi Salvatore and Fass{\`o}, Alberto and Ferrari, Alfredo and Lechner, Anton and Empl, Anton and Mairani, Andrea and others},
  journal={Annals of Nuclear Energy},
  volume={82},
  pages={10--18},
  year={2015},
  publisher={Elsevier}
}

@article{ziegler2004srim,
  title={SRIM-2003},
  author={Ziegler, James F},
  journal={Nuclear instruments and methods in physics research section B: Beam interactions with materials and atoms},
  volume={219},
  pages={1027--1036},
  year={2004},
  publisher={Elsevier}
}

@article{ziegler2010srim,
  title={SRIM--The stopping and range of ions in matter (2010)},
  author={Ziegler, James F and Ziegler, Matthias D and Biersack, Jochen P},
  journal={Nuclear Instruments and Methods in Physics Research Section B: Beam Interactions with Materials and Atoms},
  volume={268},
  number={11-12},
  pages={1818--1823},
  year={2010},
  publisher={Elsevier}
}